@article{zhao2023surveyllms,
  title={A Survey of Large Language Models},
  author={Zhao, Wayne Xin and Zhou, Kun and Li, Junyi and Tang, Tianyi and Wang, Xiaolei and Hou, Yupeng and Min, Yingqian and Zhang, Beichen and Zhang, Junjie and Dong, Zican and others},
  year={2023},
  note={K. Zhou and J. Li contribute equally to this work. Contact email: batmanfly@gmail.com}
}

@article{slm1990s,
  title={Statistical language models},
  author={[Various Authors]},
  note={Referenced in the survey by Zhao et al. (2023)},
  year={1990s}
}

@article{nlm2010s,
  title={Neural language models},
  author={[Various Authors]},
  note={Referenced in the survey by Zhao et al. (2023)},
  year={2010s}
}

@article{plm2010s,
  title={Pre-trained language models},
  author={[Various Authors]},
  note={Referenced in the survey by Zhao et al. (2023)},
  year={2010s}
}

@article{llm2020s,
  title={Large language models},
  author={[Various Authors]},
  note={Referenced in the survey by Zhao et al. (2023)},
  year={2020s}
}
